
@book{schatten_best_2010,
	address = {Heidelberg},
	title = {Best {Practice} {Software}-{Engineering}},
	isbn = {978-3-8274-2486-0 978-3-8274-2487-7},
	url = {http://link.springer.com/10.1007/978-3-8274-2487-7},
	language = {de},
	urldate = {2024-03-18},
	publisher = {Spektrum Akademischer Verlag},
	author = {Schatten, Alexander and Demolsky, Markus and Winkler, Dietmar and Biffl, Stefan and Gostischa-Franta, Erik and Östreicher, Thomas},
	year = {2010},
	doi = {10.1007/978-3-8274-2487-7},
	keywords = {Architektur, Entwicklung, Entwurf, Entwurfsmuster, Framework, Komponente, Modellierung, Projektmanagement, Qualitätssicherung, Software, Software-Architektur, Software-Entwicklung, Softwarearchitektur, Unified Modeling Language (UML), Vorgehensmodell},
	file = {Full Text PDF:C\:\\Users\\isabe\\Zotero\\storage\\F2H9U6CI\\Schatten et al. - 2010 - Best Practice Software-Engineering.pdf:application/pdf},
}

@book{kleuker_qualitatssicherung_2019,
	address = {Wiesbaden},
	title = {Qualitätssicherung durch {Softwaretests}: {Vorgehensweisen} und {Werkzeuge} zum {Testen} von {Java}-{Programmen}},
	isbn = {978-3-658-24885-7 978-3-658-24886-4},
	shorttitle = {Qualitätssicherung durch {Softwaretests}},
	url = {http://link.springer.com/10.1007/978-3-658-24886-4},
	language = {de},
	urldate = {2024-03-18},
	publisher = {Springer Fachmedien},
	author = {Kleuker, Stephan},
	year = {2019},
	doi = {10.1007/978-3-658-24886-4},
	keywords = {Behaviour-Driven Development, Grundlagen, JUnit 5, Lasttest, Methoden, Open Source, Performancetest, Praxis, Qualitätsmanagement, Qualitätssicherung Buch, Qualitätssicherung durch Softwaretests, Softwaretest Buch, Stephan Kleuker, Systeme, Testarchitektur, Testautomatisierung, Testverfahren, Testwerkzeuge, Unit-Test, Verfahren},
	file = {Full Text PDF:C\:\\Users\\isabe\\Zotero\\storage\\K3KGWWIX\\Kleuker - 2019 - Qualitätssicherung durch Softwaretests Vorgehensw.pdf:application/pdf},
}
